
<record>
  <controlfield tag="001">848110</controlfield>
  <datafield tag="245" ind1=" " ind2=" ">
    <subfield code="a">Search for psi(3770) ---&gt; charmless final states involving eta or pi0 mesons</subfield>
  </datafield>
  <datafield tag="710" ind1=" " ind2=" ">
    <subfield code="g">BES</subfield>
  </datafield>
  <datafield tag="024" ind1="7" ind2=" ">
    <subfield code="a">10.1140/epjc/s10052-010-1245-2</subfield>
    <subfield code="2">DOI</subfield>
  </datafield>
  <datafield tag="035" ind1=" " ind2=" ">
    <subfield code="z">D10-04090</subfield>
    <subfield code="9">DESY</subfield>
  </datafield>
  <datafield tag="035" ind1=" " ind2=" ">
    <subfield code="a">Ablikim:2010zz</subfield>
    <subfield code="9">SPIRESTeX</subfield>
  </datafield>
</record>

</collection>